<collection xmlns="http://www.loc.gov/MARC21/slim">
<record>
  <leader>01531nam0a2200277 i 450 </leader>
  <controlfield tag="001">IT\ICCU\CNCE\018436</controlfield>
  <controlfield tag="005">20090902000000.0</controlfield>
  <datafield tag="012" ind1=" " ind2=" ">
    <subfield code="a">i-em uibi iaon dino (3) 1564 (R)</subfield>
    <subfield code="2">fei</subfield>
  </datafield>
  <datafield tag="100" ind1=" " ind2=" ">
    <subfield code="a">19970101d1564        0itac0103    ba</subfield>
  </datafield>
  <datafield tag="101" ind1=" " ind2=" ">
    <subfield code="a">LAT</subfield>
  </datafield>
  <datafield tag="102" ind1=" " ind2=" ">
    <subfield code="a">IT</subfield>
  </datafield>
  <datafield tag="200" ind1="1" ind2=" ">
    <subfield code="a">Examen ordinandorum, ad quaestiones sacrorum ordinum, candidatis proponi consuetas, aptae et piae responsiones, catholicam ueritatem succincta breuitate indicantes. Per reuerend. p.f. Ioan. Ferum, metropolitanae Mogunt. concionatorem &amp;c. Vna etiam ss. canonis missae pia expositio d. Odonis Cameracensis episcopi. Postremae huic aeditioni accessit tabula christianae religionis</subfield>
  </datafield>
  <datafield tag="210" ind1=" " ind2=" ">
    <subfield code="a">Patauii</subfield>
    <subfield code="d">1564</subfield>
  </datafield>
  <datafield tag="215" ind1=" " ind2=" ">
    <subfield code="a">63, \1! c.</subfield>
    <subfield code="d">8ʻ</subfield>
  </datafield>
  <datafield tag="10" ind1="I" ind2="T">
    <subfield code="I">CCU\CNCE\071338</subfield>
    <subfield code="1">2001 </subfield>
    <subfield code="a">Examen ordinandorum</subfield>
  </datafield>
  <datafield tag="620" ind1=" " ind2=" ">
    <subfield code="a">IT</subfield>
    <subfield code="d">Padova</subfield>
  </datafield>
  <datafield tag="702" ind1=" " ind2="1">
    <subfield code="a">Wild,</subfield>
    <subfield code="b">Johann</subfield>
    <subfield code="3">IT\ICCU\CNCA\005039</subfield>
  </datafield>
  <datafield tag="702" ind1=" " ind2="0">
    <subfield code="a">Odo</subfield>
    <subfield code="c"> : Cameracensis</subfield>
    <subfield code="3">IT\ICCU\CNCA\005043</subfield>
  </datafield>
  <datafield tag="712" ind1="0" ind2="2">
    <subfield code="a">Tipografo non identificato</subfield>
    <subfield code="3">IT\ICCU\CNCT\003341</subfield>
    <subfield code="4">650</subfield>
  </datafield>
  <datafield tag="790" ind1=" " ind2="1">
    <subfield code="a">Ferus,</subfield>
    <subfield code="b">Johann</subfield>
    <subfield code="3">IT\ICCU\CNCA\005123</subfield>
    <subfield code="z">Wild, Johann</subfield>
  </datafield>
  <datafield tag="790" ind1=" " ind2="0">
    <subfield code="a">Odon</subfield>
    <subfield code="c"> : de#Cambrai</subfield>
    <subfield code="3">IT\ICCU\CNCA\021787</subfield>
    <subfield code="z">Odo : Cameracensis</subfield>
  </datafield>
  <datafield tag="801" ind1=" " ind2="3">
    <subfield code="a">IT</subfield>
    <subfield code="b">ICCU</subfield>
    <subfield code="c">20201114</subfield>
  </datafield>
  <datafield tag="899" ind1=" " ind2=" ">
    <subfield code="a">Biblioteca Ludovico Jacobilli del Seminario vescovile. Foligno</subfield>
    <subfield code="1">PG0040</subfield>
    <subfield code="2">UM1 39</subfield>
  </datafield>
  <datafield tag="899" ind1=" " ind2=" ">
    <subfield code="a">Biblioteca del Capitolo della Cattedrale. Reggio Emilia</subfield>
    <subfield code="1">RE0046</subfield>
    <subfield code="2">ZRE 01</subfield>
  </datafield>
  <datafield tag="911" ind1=" " ind2=" ">
    <subfield code="a">Sul front.</subfield>
    <subfield code="9">IT\ICCU\CNCM\000157</subfield>
  </datafield>
  <datafield tag="921" ind1=" " ind2=" ">
    <subfield code="a">IT\ICCU\CNCM\000157</subfield>
    <subfield code="b">Salamandra coronata, tra le fiamme.</subfield>
    <subfield code="e">Non igne uiuo, sed ignem extngo [!]</subfield>
    <subfield code="c">V149</subfield>
    <subfield code="c">Z1019</subfield>
    <subfield code="d">Dimensioni: 5,3 x 4,5</subfield>
    <subfield code="f">SALAMANDRA</subfield>
    <subfield code="g">1540-1590</subfield>
  </datafield>
</record>
</collection>
